@article{meeusenbrock_efficiencyestimationcobbdouglas_1977.pdf_0, year={0} }