@article{meeusen1977efficiency,
  title     = {Efficiency estimation from Cobb-Douglas production functions with composed error},
  author    = {Meeusen, Wim and van Den Broeck, Julien},
  journal   = {International economic review},
  pages     = {435--444},
  year      = {1977},
  publisher = {JSTOR}
}

@article{charnes1978measuring,
  title     = {Measuring the efficiency of decision making units},
  author    = {Charnes, Abraham and Cooper, William W and Rhodes, Edwardo},
  journal   = {European journal of operational research},
  volume    = {2},
  number    = {6},
  pages     = {429--444},
  year      = {1978},
  publisher = {Elsevier}
}

@article{aigner1977formulation,
  title     = {Formulation and estimation of stochastic frontier production function models},
  author    = {Aigner, Dennis and Lovell, CA Knox and Schmidt, Peter},
  journal   = {Journal of econometrics},
  volume    = {6},
  number    = {1},
  pages     = {21--37},
  year      = {1977},
  publisher = {Elsevier}
}

@article{croiset2024hospitals,
  title  = {Are Public Hospitals Inefficient? An Empirical Study on French Data},
  author = {Croiset, Solen and Gary-Bobo, Robert},
  year   = {2024}
}

@article{arellano1991some,
  title     = {Some tests of specification for panel data: Monte Carlo evidence and an application to employment equations},
  author    = {Arellano, Manuel and Bond, Stephen},
  journal   = {The review of economic studies},
  volume    = {58},
  number    = {2},
  pages     = {277--297},
  year      = {1991},
  publisher = {Wiley-Blackwell}
}

@article{blundell1998initial,
  title     = {Initial conditions and moment restrictions in dynamic panel data models},
  author    = {Blundell, Richard and Bond, Stephen},
  journal   = {Journal of econometrics},
  volume    = {87},
  number    = {1},
  pages     = {115--143},
  year      = {1998},
  publisher = {Elsevier}
}

@article{arellano1995another,
  title     = {Another look at the instrumental variable estimation of error-components models},
  author    = {Arellano, Manuel and Bover, Olympia},
  journal   = {Journal of econometrics},
  volume    = {68},
  number    = {1},
  pages     = {29--51},
  year      = {1995},
  publisher = {Elsevier}
}

@article{gu2023invidious,
  title     = {Invidious comparisons: Ranking and selection as compound decisions},
  author    = {Gu, Jiaying and Koenker, Roger},
  journal   = {Econometrica},
  volume    = {91},
  number    = {1},
  pages     = {1--41},
  year      = {2023},
  publisher = {Wiley Online Library}
}

@article{gu2017empirical,
  title     = {Empirical Bayesball remixed: Empirical Bayes methods for longitudinal data},
  author    = {Gu, Jiaying and Koenker, Roger},
  journal   = {Journal of Applied Econometrics},
  volume    = {32},
  number    = {3},
  pages     = {575--599},
  year      = {2017},
  publisher = {Wiley Online Library}
}



@inproceedings{robbins1956empirical,
  title     = {An empirical Bayes approach to statistics},
  author    = {Robbins, Herbert E},
  booktitle = {Proceedings of the third berkeley symposium on mathematical statistics and probability},
  volume    = {1},
  pages     = {157--163},
  year      = {1956}
}


@article{chetty2014measuring,
  title     = {Measuring the impacts of teachers I: Evaluating bias in teacher value-added estimates},
  author    = {Chetty, Raj and Friedman, John N and Rockoff, Jonah E},
  journal   = {American economic review},
  volume    = {104},
  number    = {9},
  pages     = {2593--2632},
  year      = {2014},
  publisher = {American Economic Association 2014 Broadway, Suite 305, Nashville, TN 37203}
}

@article{chetty2018impacts,
  title     = {The impacts of neighborhoods on intergenerational mobility II: County-level estimates},
  author    = {Chetty, Raj and Hendren, Nathaniel},
  journal   = {The Quarterly Journal of Economics},
  volume    = {133},
  number    = {3},
  pages     = {1163--1228},
  year      = {2018},
  publisher = {Oxford University Press}
}

@article{kline2021reasonable,
  title     = {Reasonable Doubt: Experimental Detection of Job-Level Employment Discrimination},
  author    = {Kline, Patrick and Walters, Christopher},
  journal   = {Econometrica},
  volume    = {89},
  number    = {2},
  pages     = {765--792},
  year      = {2021},
  publisher = {Wiley Online Library}
}

@article{kline2022systemic,
  title     = {Systemic discrimination among large US employers},
  author    = {Kline, Patrick and Rose, Evan K and Walters, Christopher R},
  journal   = {The Quarterly Journal of Economics},
  volume    = {137},
  number    = {4},
  pages     = {1963--2036},
  year      = {2022},
  publisher = {Oxford University Press}
}

@article{kiefer1956consistency,
  title     = {Consistency of the maximum likelihood estimator in the presence of infinitely many incidental parameters},
  author    = {Kiefer, Jack and Wolfowitz, Jacob},
  journal   = {The Annals of Mathematical Statistics},
  pages     = {887--906},
  year      = {1956},
  publisher = {JSTOR}
}

@article{koenker2014convex,
  title     = {Convex optimization, shape constraints, compound decisions, and empirical Bayes rules},
  author    = {Koenker, Roger and Mizera, Ivan},
  journal   = {Journal of the American Statistical Association},
  volume    = {109},
  number    = {506},
  pages     = {674--685},
  year      = {2014},
  publisher = {Taylor \& Francis}
}

@article{laird1978nonparametric,
  title     = {Nonparametric maximum likelihood estimation of a mixing distribution},
  author    = {Laird, Nan},
  journal   = {Journal of the American Statistical Association},
  volume    = {73},
  number    = {364},
  pages     = {805--811},
  year      = {1978},
  publisher = {Taylor \& Francis}
}

@misc{andersen2010mosek,
  title     = {The MOSEK optimization tools manual, version 6.0},
  author    = {Andersen, Erling D and Andersen, Knud D},
  year      = {2010},
  publisher = {Available}
}

@article{anderson1982formulation,
  title     = {Formulation and estimation of dynamic models using panel data},
  author    = {Anderson, Theodore Wilbur and Hsiao, Cheng},
  journal   = {Journal of econometrics},
  volume    = {18},
  number    = {1},
  pages     = {47--82},
  year      = {1982},
  publisher = {Elsevier}
}

@article{roodman2007short,
  title     = {A short note on the theme of too many instruments},
  author    = {Roodman, David},
  journal   = {Center for Global Development Working Paper},
  volume    = {125},
  number    = {10.2139},
  year      = {2007},
  publisher = {Citeseer}
}

@article{basu2018weighted,
  title     = {Weighted false discovery rate control in large-scale multiple testing},
  author    = {Basu, Pallavi and Cai, T Tony and Das, Kiranmoy and Sun, Wenguang},
  journal   = {Journal of the American Statistical Association},
  volume    = {113},
  number    = {523},
  pages     = {1172--1183},
  year      = {2018},
  publisher = {Taylor \& Francis}
}

@article{greene2005fixed,
  title     = {Fixed and random effects in stochastic frontier models},
  author    = {Greene, Willam},
  journal   = {Journal of productivity analysis},
  volume    = {23},
  pages     = {7--32},
  year      = {2005},
  publisher = {Springer}
}


@article{koenker2017rebayes,
  title   = {REBayes: an R package for empirical Bayes mixture methods},
  author  = {Koenker, Roger and Gu, Jiaying},
  journal = {Journal of Statistical Software},
  volume  = {82},
  pages   = {1--26},
  year    = {2017}
}

@inproceedings{lindsay1995mixture,
  title        = {Mixture models: theory, geometry, and applications},
  author       = {Lindsay, Bruce G},
  year         = {1995},
  organization = {Ims}
}